
@book{artis2014shut,
  title = {The Shut up and Shoot Documentary Guide: A {{Down}} \& {{Dirty DV}} Production},
  shorttitle = {The Shut up and Shoot Documentary Guide},
  author = {Artis, Anthony Q.},
  date = {2014},
  edition = {2nd edition},
  publisher = {{Focal Press, Taylor \& Francis Group}},
  location = {{New York ; London}},
  file = {/Users/bjm/Zotero/storage/2WVDQ3RX/artis-2014-the_shut_up_and_shoot_documentary_guide.pdf;/Users/bjm/Zotero/storage/WU2H6765/artis-2014-the_shut_up_and_shoot_documentary_guide.pdf},
  isbn = {978-0-240-82415-4},
  keywords = {LING710,Video},
  pagetotal = {369}
}

@article{bird2003seven,
  title = {Seven Dimensions of Portability for Language Documentation and Description},
  author = {Bird, Steven and Simons, Gary},
  date = {2003},
  journaltitle = {Language},
  volume = {79},
  pages = {557--582},
  issn = {1535-0665},
  file = {/Users/bjm/Zotero/storage/GV6G2L2K/bird_simons-2003-seven_dimensions_of_portability_for_language_documentation_and_description.pdf},
  keywords = {Language Documentation,LING710},
  number = {3}
}

@article{bowern2010fieldwork,
  title = {Fieldwork and the {{IRB}}: {{A}} Snapshot},
  shorttitle = {Fieldwork and the {{IRB}}},
  author = {Bowern, Claire},
  date = {2010},
  journaltitle = {Language},
  volume = {86},
  pages = {897--905},
  file = {/Users/bjm/Zotero/storage/BKQ3LLUH/bowern-2010-fieldwork_and_the_irb.pdf},
  keywords = {Fieldwork,IRB,LING710},
  number = {4}
}

@incollection{burnard2005metadata,
  title = {Metadata for {{Corpus Work}}},
  booktitle = {Developing {{Linguistic Corpora}}: A {{Guide}} to {{Good Practice}}},
  author = {Burnard, Lou},
  editor = {Wynne, Martin},
  date = {2005},
  pages = {30--46},
  publisher = {{Oxbow Books}},
  location = {{Oxford}},
  url = {http://ota.ox.ac.uk/documents/creating/dlc/},
  urldate = {2018-01-07},
  keywords = {Corpus Linguistics,LING710}
}

@Article{dimmendaal2010language,
  title = {Language Description and ``the New Paradigm'': {{What}} Linguists May Learn from Ethnocinematographers},
  shorttitle = {Language Description and ``the New Paradigm''},
  author = {Gerrit J. Dimmendaal},
  year = {2010},
  volume = {4},
  pages = {152--158},
  file = {/Users/bjm/Zotero/storage/P3THVN74/dimmendaal-2010-language_description_and_“the_new_paradigm”.pdf},
  journal = {Language Documentation \& Conservation},
}


@mvbook{dixon2010basic,
  title = {Basic Linguistic Theory},
  author = {Dixon, Robert M. W.},
  date = {2010},
  volume = {1},
  publisher = {{Oxford University Press}},
  location = {{Oxford ; New York}},
  isbn = {978-0-19-957105-5 978-0-19-957106-2 978-0-19-957107-9 978-0-19-957108-6 978-0-19-957109-3},
  keywords = {Grammar; Comparative and general,Linguistics,Research Methodology},
  volumes = {3}
}

@mvbook{dixon2010basica,
  title = {Basic Linguistic Theory},
  author = {Dixon, Robert M. W.},
  date = {2010},
  volume = {2},
  publisher = {{Oxford University Press}},
  location = {{Oxford ; New York}},
  isbn = {978-0-19-957105-5 978-0-19-957106-2 978-0-19-957107-9 978-0-19-957108-6 978-0-19-957109-3},
  keywords = {Grammar; Comparative and general,Linguistics,Research Methodology},
  volumes = {3}
}

@mvbook{dixon2010basicb,
  title = {Basic Linguistic Theory},
  author = {Dixon, Robert M. W.},
  date = {2010},
  volume = {3},
  publisher = {{Oxford University Press}},
  location = {{Oxford ; New York}},
  isbn = {978-0-19-957105-5 978-0-19-957106-2 978-0-19-957107-9 978-0-19-957108-6 978-0-19-957109-3},
  keywords = {Grammar; Comparative and general,Linguistics,Research Methodology},
  volumes = {3}
}

@book{dubois1992discourse,
  title = {Discourse Transcription},
  author = {Du Bois, John W. and Cumming, Susanna and Schuetze-Coburn, Stephan and Paolino, Danae},
  date = {1992},
  publisher = {{Department of Linguistics, University of California, Santa Barbara}},
  location = {{Santa Barbara}},
  file = {/Users/bjm/Zotero/storage/6MVKD42S/du_bois_et_al-1992-discourse_transcription.pdf},
  keywords = {Discourse Transcription,LING710},
  series = {Santa {{Barbara Papers}} in {{Linguistics}} 4}
}

@incollection{dubois1993outline,
  title = {Outline of Discourse Transcription},
  booktitle = {Talking Data: {{Transcription}} and Coding in Discourse Research},
  author = {Du Bois, John W. and Schuetze-Coburn, Stephan and Cumming, Susanna and Paolino, Danae},
  editor = {Edwards, Jane Anne and Lampert, Martin D.},
  date = {1993},
  pages = {45--89},
  publisher = {{Lawrence Erlbaum Associates}},
  location = {{Hillsdale, NJ}},
  file = {/Users/bjm/Zotero/storage/M67C9XN3/du_bois_et_al-1993-outline_of_discourse_transcription.pdf},
  keywords = {Discourse Transcription,LING710}
}

@incollection{good2011data,
  title = {Data and {{Language Documentation}}},
  booktitle = {The {{Cambridge Handbook}} of {{Endangered Languages}}},
  author = {Good, Jeff},
  editor = {Austin, Peter K. and Sallabank, J.},
  date = {2011},
  pages = {212--234},
  publisher = {{Cambridge University Press}},
  location = {{Cambridge}},
  keywords = {Language Documentation,LING710}
}

@incollection{margetts2011audio,
  title = {Audio and {{Video Recording Techniques}} for {{Linguistic Research}}},
  booktitle = {The {{Cambridge Handbook}} of {{Endangered Languages}}},
  author = {Margetts, Anna and Margetts, Andrew},
  editor = {Austin, Peter K. and Sallabank, Julia},
  date = {2011},
  pages = {13--53},
  publisher = {{Cambridge University Press}},
  location = {{Cambridge}},
  file = {/Users/bjm/Zotero/storage/MBIK4ZMA/margetts_margetts-2011-audio_and_video_recording_techniques_for_linguistic_research.pdf}
}

@article{robinson2010informed,
  title = {Informed Consent among Analog People in a Digital World},
  author = {Robinson, Laura C.},
  date = {2010-07},
  journaltitle = {Language \& Communication},
  volume = {30},
  pages = {186--191},
  issn = {02715309},
  doi = {10.1016/j.langcom.2009.11.002},
  url = {http://linkinghub.elsevier.com/retrieve/pii/S0271530909000548},
  urldate = {2018-01-09},
  file = {/Users/bjm/Zotero/storage/T6622KQ4/robinson-2010-informed_consent_among_analog_people_in_a_digital_world.pdf},
  keywords = {IRB,LING710},
  langid = {english},
  number = {3}
}

@InCollection{dingemanse2014conversation,
  title = {Conversation across Cultures},
  booktitle = {The {{Cambridge Handbook}} of {{Linguistic Anthropology}}},
  author = {Mark Dingemanse and Simeon Floyd},
  editor = {Nicholas J Enfield and Paul Kockelman and Jack Sidnell},
  year = {2014},
  pages = {447--480},
  publisher = {{Cambridge University Press}},
  address = {{Cambridge}},
  file = {/Users/bjm/Zotero/storage/YBGHA63K/dingemanse_floyd-2014-conversation_across_cultures.pdf},
}

@InProceedings{bow2003general,
  title = {Towards a {{General Model}} of {{Interlinear Text}}.},
  booktitle = {Proceedings {{ofEMELD Workshop}} 2003: {{Digitizing}} and {{Annotating Textsand Field Recordings}}},
  author = {Catherine Bow and Baden Hughes and Steven Bird},
  year = {2003},
  pages = {1--47},
  address = {{Lansing MI, USA}},
  url = {http://emeld.org/workshop/2003/bowbadenbird-paper.html}, 
  urldate = {2002-02-27}
}
@Book{bowern2015linguistic,
  title = {Linguistic {{Fieldwork}}: {{A Practical Guide}}},
  author = {Claire Bowern},
  year = {2015},
  edition = {2},
  publisher = {{Palgrave MacMillan}},
  address = {{New York}},
  file = {/Users/bjm/Zotero/storage/NAWLZPT5/bowern-2015-linguistic_fieldwork.pdf},
  keywords = {Fieldwork},
}

@Article{dipersio2014linguistic,
  title = {Linguistic {{Fieldwork}} and {{IRB Human Subjects Protocols}}: {{Linguistic Fieldwork}} and {{IRB Human Subjects Protocols}}},
  shorttitle = {Linguistic {{Fieldwork}} and {{IRB Human Subjects Protocols}}},
  author = {Denise DiPersio},
  year = {2014},
  month = {nov},
  volume = {8},
  pages = {505--511},
  issn = {1749818X},
  doi = {10.1111/lnc3.12106},
  file = {/Users/bjm/Zotero/storage/34566JLV/dipersio-2014-linguistic_fieldwork_and_irb_human_subjects_protocols.pdf},
  journal = {Language and Linguistics Compass},
  language = {en},
  number = {11},
}

@Article{salffner2015guide,
  title = {A {{Guide}} to the {{Ikaan Language}} and {{Culture Documentation}}},
  author = {Sophie Salffner},
  year = {2015},
  volume = {9},
  pages = {237--267},
  file = {/Users/bjm/Zotero/storage/483IIJA4/salffner-2015-a_guide_to_the_ikaan_language_and_culture_documentation.pdf},
  journal = {Language Documentation \textbackslash\& Conservation},
}

@InCollection{thieberger2012linguistic,
  title = {Linguistic {{Data Management}}},
  booktitle = {The {{Oxford Handbook}} of {{Linguistic Fieldwork}}},
  author = {Nicholas Thieberger and Andrea L. Berez},
  editor = {Nicholas Thieberger},
  year = {2012},
  pages = {90--118},
  publisher = {{Oxford University Press}},
  address = {{Oxford}},
  file = {/Users/bjm/Zotero/storage/U8TPSPT7/thieberger_berez-2012-linguistic_data_management.pdf},
  keywords = {Language Documentation},
}

@Article{vandriem2016endangered,
  title = {Endangered {{Language Research}} and the {{Moral Depravity}} of {{Ethics Protocols}}},
  author = {George {van Driem}},
  year = {2016},
  volume = {10},
  pages = {243--252},
  issn = {1934-5275},
  file = {/Users/bjm/Zotero/storage/ZYDEE984/van_driem-2016-endangered_language_research_and_the_moral_depravity_of_ethics_protocols.pdf},
  journal = {Language Documentation \& Conservation},
}

@InCollection{thieberger2012linguistic,
  title = {Linguistic {{Data Management}}},
  booktitle = {The {{Oxford Handbook}} of {{Linguistic Fieldwork}}},
  author = {Nicholas Thieberger and Andrea L. Berez},
  editor = {Nicholas Thieberger},
  year = {2012},
  pages = {90--118},
  publisher = {{Oxford University Press}},
  address = {{Oxford}},
  file = {/Users/bjm/Zotero/storage/JMRFVRVR/thieberger_berez-2012-linguistic_data_management.pdf},
  keywords = {Language Documentation},
}
@Article{berez2007review,
  title = {Review of {{EUDICO}} Linguistic Annotator ({{ELAN}})},
  author = {Andrea L. Berez},
  year = {2007},
  volume = {1},
  pages = {283--289},
  file = {/Users/bjm/Zotero/storage/AYBNKQK4/berez-2007-review_of_eudico_linguistic_annotator_(elan).pdf},
  journal = {Language Documentation \& Conservation},
  number = {2},
}

@Article{nathan2008minding,
  title = {Minding {{Our Words}}: {{Audio Responsibilities}} in {{Endangered Languages Documentation}} and {{Archiving}}},
  shorttitle = {Minding {{Our Words}}},
  author = {David Nathan},
  year = {2008},
  volume = {6},
  pages = {59--77},
  file = {/Users/bjm/Zotero/storage/VBF2X8XC/nathan-2008-minding_our_words.pdf},
  journal = {Taiwan Journal of Linguistics},
  number = {2},
}

@InCollection{seyfeddinipur2011reasons,
  title = {Reasons for {{Documenting Gestures}} and {{Suggestions}} for {{How}} to {{Go About It}}},
  booktitle = {The {{Oxford Handbook}} of {{Linguistic Fieldwork}}},
  author = {Mandana Seyfeddinipur},
  editor = {Nicholas Thieberger},
  year = {2011},
  pages = {147--165},
  publisher = {{Oxford University Press}},
  address = {{Oxford}},
  file = {/Users/bjm/Zotero/storage/84Q3CLD9/seyfeddinipur-2011-reasons_for_documenting_gestures_and_suggestions_for_how_to_go_about_it.pdf},
}
@InCollection{schultze-berndt2006linguistic,
  title = {Linguistic Annotation},
  booktitle = {Trends in {{Linguistics}}. {{Studies}} and {{Monographs}} [{{TiLSM}}]},
  author = {Eva Schultze-Berndt},
  editor = {Jost Gippert and Nikolaus P. Himmelmann and Ulrike Mosel},
  year = {2006},
  pages = {213--252},
  publisher = {{Mouton de Gruyter}},
  address = {{Berlin, New York}},
  doi = {10.1515/9783110197730.213},
  file = {/Users/bjm/Zotero/storage/N7K9QV7U/schultze-berndt-2006-linguistic_annotation.pdf},
  isbn = {978-3-11-019773-0},
  keywords = {_tablet},
}

@InCollection{thieberger2015paradisec,
  title = {{{PARADISEC}}: Its History and Future},
  booktitle = {Research, {{Records}} and {{Responsibility}}: {{Ten}} Years of {{PARADISEC}}},
  author = {Nick Thieberger and Amanda Harris and Linda Barwick},
  editor = {Amanda Harris and Nick Thieberger and Linda Barwick},
  year = {2015},
  pages = {1--16},
  publisher = {{Sydney University Press}},
  address = {{Sydney}},
}
@InCollection{coxtoappearmanaging,
  title = {Managing Data in a Language Documentation Corpus},
  booktitle = {Handook of {{Linguistic Data Management}}},
  author = {Christopher Cox},
  editor = {Andrea L Berez-Kroeker and Bradley McDonnell and Eve Koller and Lauren Collister},
  year = {to appear},
  publisher = {{MIT Press Open}},
  location = {{Cambridge}},
}
@InCollection{arkhipov2018reflections,
  title = {Reflections on Software and Technology for Language Documentation.},
  booktitle = {Reflections on {{Language Documentation}} 20 {{Years}} after {{Himmelmann}} 1998},
  author = {Alexandre Arkhipov and Nick Thieberger},
  editor = {Bradley McDonnell and Andrea L Berez-Kroeker and Gary Holton},
  date = {2018},
  pages = {140--149},
  publisher = {{University of Hawai'i Press}},
  location = {{Honolulu}},
  url = {http://hdl.handle.net/10125/24821},
  number = {15},
  series = {Language {{Documentation}} \& {{Conservation Special Publication}}},
}
@InCollection{himmelmann2006prosody,
  title = {Prosody in Language Documentation},
  booktitle = {Essentials of Language Documentation},
  author = {Nikolaus P Himmelmann},
  editor = {Jost Gippert and Nikolaus Himmelmann and Ulrike Mosel},
  date = {2006},
  pages = {163--182},
  publisher = {{Mouton de Gruyter}},
  location = {{Berlin, Boston}},
  number = {178},
  series = {Trends in {{Linguistics}}. {{Studies}} and {{Monographs}} [{{TiLSM}}]},
}

@InCollection{himmelmann2018meeting,
  title = {Meeting the {{Transcription Challenge}}},
  booktitle = {Reflections on {{Language Documentation}} 20 {{Years}} after {{Himmelmann}} 1998},
  author = {Nicholas P. Himmelmann},
  editor = {Bradley McDonnell and Andrea L. Berez-Kroeker and Gary Holton},
  date = {2018},
  pages = {33--40},
  publisher = {{University of Hawai'i Press}},
  location = {{Honolulu}},
  url = {http://hdl.handle.net/10125/24806},
  number = {15},
  series = {Language {{Documentation}} \& {{Conservation Special Publication}}},
}
