
@incollection{arkhipov2018reflections,
  title = {Reflections on Software and Technology for Language Documentation.},
  booktitle = {Reflections on {{Language Documentation}} 20 {{Years}} after {{Himmelmann}} 1998},
  author = {Arkhipov, Alexandre and Thieberger, Nick},
  editor = {McDonnell, Bradley and Berez-Kroeker, Andrea L and Holton, Gary},
  date = {2018},
  pages = {140--149},
  publisher = {{University of Hawai'i Press}},
  location = {{Honolulu}},
  url = {http://hdl.handle.net/10125/24821},
  number = {15},
  series = {Language {{Documentation}} \& {{Conservation Special Publication}}}
}

@book{artis2014shut,
  title = {The Shut up and Shoot Documentary Guide: A {{Down}} \& {{Dirty DV}} Production},
  shorttitle = {The Shut up and Shoot Documentary Guide},
  author = {Artis, Anthony Q.},
  date = {2014},
  edition = {2nd edition},
  publisher = {{Focal Press, Taylor \& Francis Group}},
  location = {{New York ; London}},
  file = {/Users/bjm/Zotero/storage/2WVDQ3RX/artis-2014-the_shut_up_and_shoot_documentary_guide.pdf;/Users/bjm/Zotero/storage/WU2H6765/artis-2014-the_shut_up_and_shoot_documentary_guide.pdf},
  isbn = {978-0-240-82415-4},
  keywords = {710,Video},
  pagetotal = {369}
}

@incollection{austin2016language,
  title = {Language Documentation 20 Years On},
  booktitle = {Endangered {{Languages}} and {{Languages}} in {{Danger}}: {{Issues}} of Documentation, Policy, and Language Rights},
  author = {Austin, Peter},
  editor = {Filipović, Luna and Pütz, Martin},
  date = {2016-09-16},
  pages = {147--170},
  publisher = {{John Benjamins Publishing Company}},
  location = {{Amsterdam}},
  doi = {10.1075/impact.42.07aus},
  url = {https://benjamins.com/catalog/impact.42.07aus},
  urldate = {2018-03-14},
  file = {/Users/bjm/Zotero/storage/V6X4U6ZY/austin-2016-language_documentation_20_years_on.pdf},
  isbn = {978-90-272-5834-2 978-90-272-6644-6},
  langid = {english},
  number = {42},
  series = {{{IMPACT}}: {{Studies}} in {{Language}} and {{Society}}}
}

@article{bird2003seven,
  title = {Seven Dimensions of Portability for Language Documentation and Description},
  author = {Bird, Steven and Simons, Gary},
  date = {2003},
  journaltitle = {Language},
  volume = {79},
  pages = {557--582},
  doi = {https://doi-org.eres.library.manoa.hawaii.edu/10.1353/lan.2003.0149},
  file = {/Users/bjm/Zotero/storage/GV6G2L2K/bird_simons-2003-seven_dimensions_of_portability_for_language_documentation_and_description.pdf},
  keywords = {710,Language Documentation},
  number = {3}
}

@inproceedings{bow2003general,
  title = {Towards a {{General Model}} of {{Interlinear Text}}.},
  booktitle = {Proceedings {{ofEMELD Workshop}} 2003: {{Digitizing}} and {{Annotating Textsand Field Recordings}}},
  author = {Bow, Catherine and Hughes, Baden and Bird, Steven},
  date = {2003},
  pages = {1--47},
  location = {{Lansing MI, USA}},
  url = {http://emeld.org/workshop/2003/bowbadenbird-paper.html},
  urldate = {2020-07-27}
}

@article{bowern2010fieldwork,
  title = {Fieldwork and the {{IRB}}: {{A}} Snapshot},
  shorttitle = {Fieldwork and the {{IRB}}},
  author = {Bowern, Claire},
  date = {2010},
  journaltitle = {Language},
  volume = {86},
  pages = {897--905},
  file = {/Users/bjm/Zotero/storage/BKQ3LLUH/bowern-2010-fieldwork_and_the_irb.pdf},
  keywords = {_tablet,710,Fieldwork,IRB},
  number = {4}
}

@book{bowern2015linguistic,
  title = {Linguistic {{Fieldwork}}: {{A Practical Guide}}},
  author = {Bowern, Claire},
  date = {2015},
  edition = {2},
  publisher = {{Palgrave MacMillan}},
  location = {{New York}},
  file = {/Users/bjm/Zotero/storage/NAWLZPT5/bowern-2015-linguistic_fieldwork.pdf},
  keywords = {_tablet,710,Fieldwork}
}

@incollection{burnard2005metadata,
  title = {Metadata for {{Corpus Work}}},
  booktitle = {Developing {{Linguistic Corpora}}: A {{Guide}} to {{Good Practice}}},
  author = {Burnard, Lou},
  editor = {Wynne, Martin},
  date = {2005},
  pages = {30--46},
  publisher = {{Oxbow Books}},
  location = {{Oxford}},
  url = {http://ota.ox.ac.uk/documents/creating/dlc/},
  urldate = {2018-01-07},
  keywords = {Corpus Linguistics,LING710}
}

@incollection{coxtoappearmanaging,
  title = {Managing Data in a Language Documentation Corpus},
  booktitle = {Handook of {{Linguistic Data Management}}},
  author = {Cox, Christopher},
  editor = {Berez-Kroeker, Andrea L and McDonnell, Bradley and Koller, Eve and Collister, Lauren},
  year = {to appear},
  publisher = {{MIT Press Open}},
  location = {{Cambridge}}
}

@article{dimmendaal2010language,
  title = {Language Description and “the New Paradigm”: {{What}} Linguists May Learn from Ethnocinematographers},
  shorttitle = {Language Description and “the New Paradigm”},
  author = {Dimmendaal, Gerrit J.},
  date = {2010},
  journaltitle = {Language Documentation \& Conservation},
  volume = {4},
  pages = {152--158},
  url = {http://hdl.handle.net/10125/4475},
  urldate = {2020-01-18},
  file = {/Users/bjm/Zotero/storage/P3THVN74/dimmendaal-2010-language_description_and_“the_new_paradigm”.pdf},
  keywords = {710}
}

@article{dipersio2014linguistic,
  title = {Linguistic {{Fieldwork}} and {{IRB Human Subjects Protocols}}},
  author = {DiPersio, Denise},
  date = {2014-11},
  journaltitle = {Language and Linguistics Compass},
  volume = {8},
  pages = {505--511},
  issn = {1749818X},
  doi = {10.1111/lnc3.12106},
  url = {http://doi.wiley.com/10.1111/lnc3.12106},
  urldate = {2018-01-18},
  file = {/Users/bjm/Zotero/storage/34566JLV/dipersio-2014-linguistic_fieldwork_and_irb_human_subjects_protocols.pdf},
  keywords = {_tablet},
  langid = {english},
  number = {11}
}

@mvbook{dixon2010basic,
  title = {Basic Linguistic Theory},
  author = {Dixon, Robert M. W.},
  date = {2010},
  volume = {1},
  publisher = {{Oxford University Press}},
  location = {{Oxford ; New York}},
  isbn = {978-0-19-957105-5 978-0-19-957106-2 978-0-19-957107-9 978-0-19-957108-6 978-0-19-957109-3},
  keywords = {Grammar; Comparative and general,Linguistics,Research Methodology},
  volumes = {3}
}

@mvbook{dixon2010basica,
  title = {Basic Linguistic Theory},
  author = {Dixon, Robert M. W.},
  date = {2010},
  volume = {2},
  publisher = {{Oxford University Press}},
  location = {{Oxford ; New York}},
  isbn = {978-0-19-957105-5 978-0-19-957106-2 978-0-19-957107-9 978-0-19-957108-6 978-0-19-957109-3},
  keywords = {Grammar; Comparative and general,Linguistics,Research Methodology},
  volumes = {3}
}

@mvbook{dixon2010basicb,
  title = {Basic Linguistic Theory},
  author = {Dixon, Robert M. W.},
  date = {2010},
  volume = {3},
  publisher = {{Oxford University Press}},
  location = {{Oxford ; New York}},
  isbn = {978-0-19-957105-5 978-0-19-957106-2 978-0-19-957107-9 978-0-19-957108-6 978-0-19-957109-3},
  keywords = {Grammar; Comparative and general,Linguistics,Research Methodology},
  volumes = {3}
}

@book{dubois1992discourse,
  title = {Discourse Transcription},
  author = {Du Bois, John W. and Cumming, Susanna and Schuetze-Coburn, Stephan and Paolino, Danae},
  date = {1992},
  publisher = {{Department of Linguistics, University of California, Santa Barbara}},
  location = {{Santa Barbara}},
  file = {/Users/bjm/Zotero/storage/6MVKD42S/du_bois_et_al-1992-discourse_transcription.pdf},
  keywords = {Discourse Transcription,LING710},
  series = {Santa {{Barbara Papers}} in {{Linguistics}} 4}
}

@incollection{dubois1993outline,
  title = {Outline of Discourse Transcription},
  booktitle = {Talking Data: {{Transcription}} and Coding in Discourse Research},
  author = {Du Bois, John W. and Schuetze-Coburn, Stephan and Cumming, Susanna and Paolino, Danae},
  editor = {Edwards, Jane Anne and Lampert, Martin D.},
  date = {1993},
  pages = {45--89},
  publisher = {{Lawrence Erlbaum Associates}},
  location = {{Hillsdale, NJ}},
  file = {/Users/bjm/Zotero/storage/M67C9XN3/du_bois_et_al-1993-outline_of_discourse_transcription.pdf},
  keywords = {Discourse Transcription,LING710}
}

@incollection{good2011data,
  title = {Data and {{Language Documentation}}},
  booktitle = {The {{Cambridge Handbook}} of {{Endangered Languages}}},
  author = {Good, Jeff},
  editor = {Austin, Peter K. and Sallabank, J.},
  date = {2011},
  pages = {212--234},
  publisher = {{Cambridge University Press}},
  location = {{Cambridge}},
  file = {/Users/bjm/Zotero/storage/JNS6YKPQ/good-2011-data_and_language_documentation.pdf},
  keywords = {_tablet,710,Language Documentation}
}

@incollection{himmelmann2006challenges,
  title = {The Challenges of Segmenting Spoken Language},
  booktitle = {Essentials of {{Language Documentation}}},
  author = {Himmelmann, Nicholas P.},
  editor = {Gippert, Jost and Himmelmann, Nikolaus P. and Mosel, Ulrike},
  date = {2006-01-15},
  publisher = {{Mouton de Gruyter}},
  location = {{Berlin, New York}},
  doi = {10.1515/9783110197730.253},
  url = {https://www.degruyter.com/view/books/9783110197730/9783110197730.253/9783110197730.253.xml},
  urldate = {2018-03-14},
  file = {/Users/bjm/Zotero/storage/ID2RN6ZE/himmelmann-2006-the_challenges_of_segmenting_spoken_language.pdf},
  isbn = {978-3-11-019773-0},
  series = {Trends in {{Linguistics}}. {{Studies}} and {{Monographs}} [{{TiLSM}}]}
}

@incollection{margetts2011audio,
  title = {Audio and {{Video Recording Techniques}} for {{Linguistic Research}}},
  booktitle = {The {{Cambridge Handbook}} of {{Endangered Languages}}},
  author = {Margetts, Anna and Margetts, Andrew},
  editor = {Austin, Peter K. and Sallabank, Julia},
  date = {2011},
  pages = {13--53},
  publisher = {{Cambridge University Press}},
  location = {{Cambridge}},
  file = {/Users/bjm/Zotero/storage/MBIK4ZMA/margetts_margetts-2011-audio_and_video_recording_techniques_for_linguistic_research.pdf},
  keywords = {710,Language Documentation}
}

@incollection{mcdonnell2018introduction,
  title = {Introduction},
  booktitle = {Reflections on {{Language Documentation}} 20 {{Years}} after {{Himmelmann}} 1998},
  author = {McDonnell, Bradley and Berez-Kroeker, Andrea L and Holton, Gary},
  editor = {McDonnell, Bradley and Berez-Kroeker, Andrea L. and Holton, Gary},
  date = {2018},
  pages = {1--11},
  publisher = {{University of Hawai'i Press}},
  location = {{Honolulu}},
  url = {http://hdl.handle.net/10125/10125/24803},
  number = {15},
  series = {Language {{Documentation}} \& {{Conservation Special Publication}}}
}

@article{robinson2010informed,
  title = {Informed Consent among Analog People in a Digital World},
  author = {Robinson, Laura C.},
  date = {2010-07},
  journaltitle = {Language \& Communication},
  volume = {30},
  pages = {186--191},
  issn = {02715309},
  doi = {10.1016/j.langcom.2009.11.002},
  url = {http://linkinghub.elsevier.com/retrieve/pii/S0271530909000548},
  urldate = {2018-01-09},
  file = {/Users/bjm/Zotero/storage/T6622KQ4/robinson-2010-informed_consent_among_analog_people_in_a_digital_world.pdf},
  keywords = {IRB,LING710},
  langid = {english},
  number = {3}
}

@incollection{schultze-berndt2006linguistic,
  title = {Linguistic Annotation},
  booktitle = {Trends in {{Linguistics}}. {{Studies}} and {{Monographs}} [{{TiLSM}}]},
  author = {Schultze-Berndt, Eva},
  editor = {Gippert, Jost and Himmelmann, Nikolaus P. and Mosel, Ulrike},
  date = {2006},
  pages = {213--252},
  publisher = {{Mouton de Gruyter}},
  location = {{Berlin, New York}},
  doi = {10.1515/9783110197730.213},
  url = {https://www.degruyter.com/view/books/9783110197730/9783110197730.213/9783110197730.213.xml},
  urldate = {2018-02-06},
  file = {/Users/bjm/Zotero/storage/N7K9QV7U/schultze-berndt-2006-linguistic_annotation.pdf},
  isbn = {978-3-11-019773-0},
  keywords = {_tablet}
}

@article{seifart2018language,
  title = {Language Documentation Twenty-Five Years On},
  author = {Seifart, Frank and Evans, Nicholas and Hammarström, Harald and Levinson, Stephen C.},
  date = {2018},
  journaltitle = {Language},
  shortjournal = {Language},
  volume = {94},
  pages = {e324-e345},
  issn = {1535-0665},
  doi = {10.1353/lan.2018.0070},
  url = {https://muse.jhu.edu/article/712110},
  urldate = {2019-05-20},
  file = {/Users/bjm/Zotero/storage/DHITAQVL/seifart_et_al-2018-language_documentation_twenty-five_years_on.pdf},
  langid = {english},
  number = {4}
}

@incollection{seyfeddinipur2011reasons,
  title = {Reasons for {{Documenting Gestures}} and {{Suggestions}} for {{How}} to {{Go About It}}},
  booktitle = {The {{Oxford Handbook}} of {{Linguistic Fieldwork}}},
  author = {Seyfeddinipur, Mandana},
  editor = {Thieberger, Nicholas},
  date = {2011},
  pages = {147--165},
  publisher = {{Oxford University Press}},
  location = {{Oxford}},
  file = {/Users/bjm/Zotero/storage/84Q3CLD9/seyfeddinipur-2011-reasons_for_documenting_gestures_and_suggestions_for_how_to_go_about_it.pdf}
}

@incollection{thieberger2012linguistic,
  title = {Linguistic {{Data Management}}},
  booktitle = {The {{Oxford Handbook}} of {{Linguistic Fieldwork}}},
  author = {Thieberger, Nicholas and Berez, Andrea L.},
  editor = {Thieberger, Nicholas},
  date = {2012},
  pages = {90--118},
  publisher = {{Oxford University Press}},
  location = {{Oxford}},
  file = {/Users/bjm/Zotero/storage/U8TPSPT7/thieberger_berez-2012-linguistic_data_management.pdf},
  keywords = {_tablet,Language Documentation}
}

@incollection{thieberger2015paradisec,
  title = {{{PARADISEC}}: Its History and Future},
  booktitle = {Research, {{Records}} and {{Responsibility}}: {{Ten}} Years of {{PARADISEC}}},
  author = {Thieberger, Nick and Harris, Amanda and Barwick, Linda},
  editor = {Harris, Amanda and Thieberger, Nick and Barwick, Linda},
  date = {2015},
  pages = {1--16},
  publisher = {{Sydney University Press}},
  location = {{Sydney}},
  url = {https://open.sydneyuniversitypress.com.au/9781743324431/r3-paradisec-its-history-and-future.html#Chapter1},
  urldate = {2020-01-18}
}

@article{vandriem2016endangered,
  title = {Endangered {{Language Research}} and the {{Moral Depravity}} of {{Ethics Protocols}}},
  author = {van Driem, George},
  date = {2016},
  journaltitle = {Language Documentation \& Conservation},
  volume = {10},
  pages = {243--252},
  issn = {1934-5275},
  url = {http://hdl.handle.net/10125/24693},
  file = {/Users/bjm/Zotero/storage/ZYDEE984/van_driem-2016-endangered_language_research_and_the_moral_depravity_of_ethics_protocols.pdf},
  options = {useprefix=true}
}

@incollection{woodbury2011language,
  title = {Language {{Documentation}}},
  booktitle = {The {{Cambridge Handbook}} of {{Endangered Languages}}},
  author = {Woodbury, Anthony C.},
  editor = {Austin, Peter K. and Sallabank, Julia},
  date = {2011},
  pages = {159--176},
  publisher = {{Cambridge University Press}},
  location = {{Cambridge}},
  keywords = {Language Documentation,LING680}
}


